@article{pandey2021analysis,
  title={An analysis of solutions to the 2D bin packing problem and additional complexities},
  author={Pandey, Amitesh Anand},
  journal={International Journal of Mathematics And its Applications},
  volume={9},
  number={3},
  pages={111--118},
  year={2021}
}
@article{guerriero2022hierarchical,
  title={A hierarchical hyper-heuristic for the bin packing problem},
  author={Guerriero, Francesco and Saccomanno, Francesco Paolo},
  journal={Soft Computing},
  pages={1--14},
  year={2022},
  publisher={Springer}
}
@article{lopez2014unified,
  title={A unified hyper-heuristic framework for solving bin packing problems},
  author={L{\'o}pez-Camacho, Eunice and Terashima-Marin, Hugo and Ross, Peter and Ochoa, Gabriela},
  journal={Expert Systems with Applications},
  volume={41},
  number={15},
  pages={6876--6889},
  year={2014},
  publisher={Elsevier}
}
@article{martinez2017matheuristics,
  title={Matheuristics for the irregular bin packing problem with free rotations},
  author={Martinez-Sykora, Antonio and Alvarez-Vald{\'e}s, Ram{\'o}n and Bennell, Julia A and Ruiz, Rub{\'e}n and Tamarit, Jos{\'e} Manuel},
  journal={European Journal of Operational Research},
  volume={258},
  number={2},
  pages={440--455},
  year={2017},
  publisher={Elsevier}
}
@incollection{burke2003hyper,
  title={Hyper-heuristics: An emerging direction in modern search technology},
  author={Burke, Edmund and Kendall, Graham and Newall, Jim and Hart, Emma and Ross, Peter and Schulenburg, Sonia},
  booktitle={Handbook of metaheuristics},
  pages={457--474},
  year={2003},
  publisher={Springer}
}
